@article{bib1, 
  title={Progress in molecular docking},
  author={Fan, Jiyu and Fu, Ailing and Zhang, Le},
  journal={Quantitative Biology},
  volume={7},
  pages={83--89},
  year={2019},
  publisher={Springer}
}
@article{bib2,
  title={Thermodynamics of protein--ligand interactions: history, presence, and future aspects},
  author={Perozzo, Remo and Folkers, Gerd and Scapozza, Leonardo},
  journal={Journal of Receptors and Signal Transduction},
  volume={24},
  number={1-2},
  pages={1--52},
  year={2004},
  publisher={Taylor \& Francis}
}

@article{bib3,
  title={The thermodynamics of protein--ligand interaction and solvation: insights for ligand design},
  author={Olsson, Tjelvar SG and Williams, Mark A and Pitt, William R and Ladbury, John E},
  journal={Journal of molecular biology},
  volume={384},
  number={4},
  pages={1002--1017},
  year={2008},
  publisher={Elsevier}
}

@article{bib4,
  title={Benchmarking sets for molecular docking},
  author={Huang, Niu and Shoichet, Brian K and Irwin, John J},
  journal={Journal of medicinal chemistry},
  volume={49},
  number={23},
  pages={6789--6801},
  year={2006},
  publisher={ACS Publications}
}

@article{bib5,
  title={The art and science of molecular docking},
  author={Paggi, Joseph M and Pandit, Ayush and Dror, Ron O},
  journal={Annual Review of Biochemistry},
  volume={93},
  year={2024},
  publisher={Annual Reviews}
}

@article{bib6,
  title={Docking-based generative approaches in the search for new drug candidates},
  author={Danel, Tomasz and {\L}{\k{e}}ski, Jan and Podlewska, Sabina and Podolak, Igor T},
  journal={Drug Discovery Today},
  volume={28},
  number={2},
  pages={103439},
  year={2023},
  publisher={Elsevier}
}

@article{bib7,
  title={Identifying and characterizing binding sites and assessing druggability},
  author={Halgren, Thomas A},
  journal={Journal of chemical information and modeling},
  volume={49},
  number={2},
  pages={377--389},
  year={2009},
  publisher={ACS Publications}
}

@article{bib8,
  title={LIGSITE: automatic and efficient detection of potential small molecule-binding sites in proteins},
  author={Hendlich, Manfred and Rippmann, Friedrich and Barnickel, Gerhard},
  journal={Journal of Molecular Graphics and Modelling},
  volume={15},
  number={6},
  pages={359--363},
  year={1997},
  publisher={Elsevier}
}

@article{bib9,
  title={Fpocket: an open source platform for ligand pocket detection},
  author={Le Guilloux, Vincent and Schmidtke, Peter and Tuffery, Pierre},
  journal={BMC bioinformatics},
  volume={10},
  pages={1--11},
  year={2009},
  publisher={Springer}
}

@article{bib10,
  title={A practical guide to large-scale docking},
  author={Bender, Brian J and Gahbauer, Stefan and Luttens, Andreas and Lyu, Jiankun and Webb, Chase M and Stein, Reed M and Fink, Elissa A and Balius, Trent E and Carlsson, Jens and Irwin, John J and others},
  journal={Nature protocols},
  volume={16},
  number={10},
  pages={4799--4832},
  year={2021},
  publisher={Nature Publishing Group UK London}
}

@article{bib11,
  title={Experimental and computational approaches to estimate solubility and permeability in drug discovery and development settings},
  author={Lipinski, Christopher A and Lombardo, Franco and Dominy, Beryl W and Feeney, Paul J},
  journal={Advanced drug delivery reviews},
  volume={64},
  pages={4--17},
  year={2012},
  publisher={Elsevier}
}

@article{bib12,
  title={Going further than Lipinski's rule in drug design},
  author={Walters, W Patrick},
  journal={Expert opinion on drug discovery},
  volume={7},
  number={2},
  pages={99--107},
  year={2012},
  publisher={Taylor \& Francis}
}

@article{bib13,
  title={The MM/PBSA and MM/GBSA methods to estimate ligand-binding affinities},
  author={Genheden, Samuel and Ryde, Ulf},
  journal={Expert opinion on drug discovery},
  volume={10},
  number={5},
  pages={449--461},
  year={2015},
  publisher={Taylor \& Francis}
}

@article{bib14,
  title={Systematic search in conformational analysis},
  author={Beusen, Denise D and Shands, EF Berkley and Karasek, SF and Marshall, Garland R and Dammkoehler, Richard A},
  journal={Journal of Molecular Structure: THEOCHEM},
  volume={370},
  number={2-3},
  pages={157--171},
  year={1996},
  publisher={Elsevier}
}

@article{bib15,
  title={Glide: a new approach for rapid, accurate docking and scoring. 1. Method and assessment of docking accuracy},
  author={Friesner, Richard A and Banks, Jay L and Murphy, Robert B and Halgren, Thomas A and Klicic, Jasna J and Mainz, Daniel T and Repasky, Matthew P and Knoll, Eric H and Shelley, Mee and Perry, Jason K and others},
  journal={Journal of medicinal chemistry},
  volume={47},
  number={7},
  pages={1739--1749},
  year={2004},
  publisher={ACS Publications}
}

@article{bib16,
  title={A fast method of molecular shape comparison: A simple application of a Gaussian description of molecular shape},
  author={Grant, J Andrew and Gallardo, Maria A and Pickup, Barry T},
  journal={Journal of computational chemistry},
  volume={17},
  number={14},
  pages={1653--1666},
  year={1996},
  publisher={Wiley Online Library}
}

@article{bib17,
  title={Molecular docking algorithms},
  author={Dias, Raquel and de Azevedo, Jr and Walter, F},
  journal={Current drug targets},
  volume={9},
  number={12},
  pages={1040--1047},
  year={2008},
  publisher={Bentham Science Publishers}
}

@article{bib18,
  title={DOCK 6: Impact of new features and current docking performance},
  author={Allen, William J and Balius, Trent E and Mukherjee, Sudipto and Brozell, Scott R and Moustakas, Demetri T and Lang, P Therese and Case, David A and Kuntz, Irwin D and Rizzo, Robert C},
  journal={Journal of computational chemistry},
  volume={36},
  number={15},
  pages={1132--1156},
  year={2015},
  publisher={Wiley Online Library}
}

@article{bib19,
  title={A fast flexible docking method using an incremental construction algorithm},
  author={Rarey, Matthias and Kramer, Bernd and Lengauer, Thomas and Klebe, Gerhard},
  journal={Journal of molecular biology},
  volume={261},
  number={3},
  pages={470--489},
  year={1996},
  publisher={Elsevier}
}

@article{bib20,
  title={Development and validation of a genetic algorithm for flexible docking},
  author={Jones, Gareth and Willett, Peter and Glen, Robert C and Leach, Andrew R and Taylor, Robin},
  journal={Journal of molecular biology},
  volume={267},
  number={3},
  pages={727--748},
  year={1997},
  publisher={Elsevier}
}

@article{bib21,
  title={A new Lamarckian genetic algorithm for flexible ligand-receptor docking},
  author={Fuhrmann, Jan and Rurainski, Alexander and Lenhof, Hans-Peter and Neumann, Dirk},
  journal={Journal of computational chemistry},
  volume={31},
  number={9},
  pages={1911--1918},
  year={2010},
  publisher={Wiley Online Library}
}

@article{bib22,
  title={Automated docking using a Lamarckian genetic algorithm and an empirical binding free energy function},
  author={Morris, Garrett M and Goodsell, David S and Halliday, Robert S and Huey, Ruth and Hart, William E and Belew, Richard K and Olson, Arthur J},
  journal={Journal of computational chemistry},
  volume={19},
  number={14},
  pages={1639--1662},
  year={1998},
  publisher={Wiley Online Library}
}

@article{bib23,
  title={Assessing small molecule conformational sampling methods in molecular docking},
  author={Xia, Qiancheng and Fu, Qiuyu and Shen, Cheng and Brenk, Ruth and Huang, Niu},
  journal={Journal of Computational Chemistry},
  volume={46},
  number={1},
  pages={e27516},
  year={2025},
  publisher={Wiley Online Library}
}

@article{bib24,
  title={Studies in molecular dynamics. I. General method},
  author={Alder, Berni J and Wainwright, Thomas Everett},
  journal={The Journal of Chemical Physics},
  volume={31},
  number={2},
  pages={459--466},
  year={1959},
  publisher={American Institute of Physics}
}

@article{bib25,
  title={Integrating molecular docking and molecular dynamics simulations},
  author={Santos, Lucianna HS and Ferreira, Rafaela S and Caffarena, Ernesto R},
  journal={Docking screens for drug discovery},
  pages={13--34},
  year={2019},
  publisher={Springer}
}

@article{bib26,
  title={Bridging molecular docking to molecular dynamics in exploring ligand-protein recognition process: An overview},
  author={Salmaso, Veronica and Moro, Stefano},
  journal={Frontiers in pharmacology},
  volume={9},
  pages={923},
  year={2018},
  publisher={Frontiers Media SA}
}

@article{bib27,
  title={Principles of docking: An overview of search algorithms and a guide to scoring functions},
  author={Halperin, Inbal and Ma, Buyong and Wolfson, Haim and Nussinov, Ruth},
  journal={Proteins: Structure, Function, and Bioinformatics},
  volume={47},
  number={4},
  pages={409--443},
  year={2002},
  publisher={Wiley Online Library}
}

@article{bib28,
  title={Molecular mechanics force fields and their applications in drug design},
  author={Pissurlenkar, Raghuvir RS and Shaikh, Mushtaque S and Iyer, Radhakrishnan P and Coutinho, Evans C},
  journal={Anti-Infective Agents in Medicinal Chemistry (Formerly Current Medicinal Chemistry-Anti-Infective Agents)},
  volume={8},
  number={2},
  pages={128--150},
  year={2009},
  publisher={Bentham Science Publishers}
}

@article{bib29,
  title={Generalized Born implicit solvent models for biomolecules},
  author={Onufriev, Alexey V and Case, David A},
  journal={Annual review of biophysics},
  volume={48},
  number={1},
  pages={275--296},
  year={2019},
  publisher={Annual Reviews}
}

@article{bib30,
  title={Classical electrostatics in biology and chemistry},
  author={Honig, Barry and Nicholls, Anthony},
  journal={Science},
  volume={268},
  number={5214},
  pages={1144--1149},
  year={1995},
  publisher={American Association for the Advancement of Science}
}

@article{bib31,
  title={Salt effects in peptide solutions: theory and simulations},
  author={Marlow, Gail E and Perkyns, John S and Pettitt, B Montgomery},
  journal={Chemical reviews},
  volume={93},
  number={7},
  pages={2503--2521},
  year={1993},
  publisher={ACS Publications}
}

@article{bib32,
  title={Drug discovery: a historical perspective},
  author={Drews, Jurgen},
  journal={science},
  volume={287},
  number={5460},
  pages={1960--1964},
  year={2000},
  publisher={American Association for the Advancement of Science}
}

@article{bib33,
  title={Computational methods in drug discovery},
  author={Sliwoski, Gregory and Kothiwale, Sandeepkumar and Meiler, Jens and Lowe Jr, Edward W and Barker, Eric L},
  journal={Pharmacological reviews},
  volume={66},
  number={1},
  pages={334--395},
  year={2014},
  publisher={Elsevier}
}

@article{bib34,
  title={Computational methods in drug discovery},
  author={Leelananda, Sumudu P and Lindert, Steffen},
  journal={Beilstein journal of organic chemistry},
  volume={12},
  number={1},
  pages={2694--2718},
  year={2016},
  publisher={Beilstein-Institut}
}

@article{bib35,
  title={Molecular docking towards drug discovery},
  author={Gschwend, Daniel A and Good, Andrew C and Kuntz, Irwin D},
  journal={Journal of Molecular Recognition: An Interdisciplinary Journal},
  volume={9},
  number={2},
  pages={175--186},
  year={1996},
  publisher={Wiley Online Library}
}

@article{bib36,
  title={Artificial intelligence in drug discovery and development},
  author={Mak, Kit-Kay and Wong, Yi-Hang and Pichika, Mallikarjuna Rao},
  journal={Drug discovery and evaluation: safety and pharmacokinetic assays},
  pages={1461--1498},
  year={2024},
  publisher={Springer}
}

@article{bib37,
  title={Highly accurate protein structure prediction with AlphaFold},
  author={Jumper, John and Evans, Richard and Pritzel, Alexander and Green, Tim and Figurnov, Michael and Ronneberger, Olaf and Tunyasuvunakool, Kathryn and Bates, Russ and {\v{Z}}{\'\i}dek, Augustin and Potapenko, Anna and others},
  journal={nature},
  volume={596},
  number={7873},
  pages={583--589},
  year={2021},
  publisher={Nature Publishing Group}
}

@article{bib38,
  title={Generalized biomolecular modeling and design with RoseTTAFold All-Atom},
  author={Krishna, Rohith and Wang, Jue and Ahern, Woody and Sturmfels, Pascal and Venkatesh, Preetham and Kalvet, Indrek and Lee, Gyu Rie and Morey-Burrows, Felix S and Anishchenko, Ivan and Humphreys, Ian R and others},
  journal={Science},
  volume={384},
  number={6693},
  pages={eadl2528},
  year={2024},
  publisher={American Association for the Advancement of Science}
}

@article{bib39,
  title={Advancing Ligand Docking through Deep Learning: Challenges and Prospects in Virtual Screening},
  author={Zhang, Xujun and Shen, Chao and Zhang, Haotian and Kang, Yu and Hsieh, Chang-Yu and Hou, Tingjun},
  journal={Accounts of Chemical Research},
  volume={57},
  number={10},
  pages={1500--1509},
  year={2024},
  publisher={ACS Publications}
}

@article{bib40,
  title={Addressing docking pose selection with structure-based deep learning: Recent advances, challenges and opportunities},
  author={Vittorio, Serena and Lunghini, Filippo and Morerio, Pietro and Gadioli, Davide and Orlandini, Sergio and Silva, Paulo and Martinovic, Jan and Pedretti, Alessandro and Bonanni, Domenico and Del Bue, Alessio and others},
  journal={Computational and Structural Biotechnology Journal},
  year={2024},
  publisher={Elsevier}
}

@article{bib41,
  title={Protein Data Bank: the single global archive for 3D macromolecular structure data},
  author={wwPDB Consortium},
  journal={Nucleic acids research},
  volume={47},
  number={D1},
  pages={D520--D528},
  year={2019},
  publisher={Oxford University Press}
}

@article{bib42,
  title={“What's in a structure?” The story of biguanides},
  author={Kathuria, Deepika and Bankar, Apoorva A and Bharatam, Prasad V},
  journal={Journal of Molecular Structure},
  volume={1152},
  pages={61--78},
  year={2018},
  publisher={Elsevier}
}

@article{bib43,
  title={PlayMolecule pKAce: Small Molecule Protonation through Equivariant Neural Networks},
  author={Schapin, Nikolai and Majewski, Maciej and Torrens-Fontanals, Mariona and De Fabritiis, Gianni},
  journal={arXiv preprint arXiv:2407.11103},
  year={2024}
}

@article{bib44,
  title={Dimorphite-DL: an open-source program for enumerating the ionization states of drug-like small molecules},
  author={Ropp, Patrick J and Kaminsky, Jesse C and Yablonski, Sara and Durrant, Jacob D},
  journal={Journal of Cheminformatics},
  volume={11},
  pages={1--8},
  year={2019},
  publisher={Springer}
}

@article{bib45,
  title={Epik: a software program for pKa prediction and protonation state generation for drug-like molecules},
  author={Shelley, John C and Cholleti, Anuradha and Frye, Leah L and Greenwood, Jeremy R and Timlin, Mathew R and Uchimaya, Makoto},
  journal={Journal of computer-aided molecular design},
  volume={21},
  pages={681--691},
  year={2007},
  publisher={Springer}
}

@article{bib46,
  title={Epik: pKa and Protonation State Prediction through Machine Learning},
  author={Johnston, Ryne C and Yao, Kun and Kaplan, Zachary and Chelliah, Monica and Leswing, Karl and Seekins, Sean and Watts, Shawn and Calkins, David and Chief Elk, Jackson and Jerome, Steven V and others},
  journal={Journal of chemical theory and computation},
  volume={19},
  number={8},
  pages={2380--2388},
  year={2023},
  publisher={ACS Publications}
}

@article{bib47,
  title={Rapid and accurate prediction and scoring of water molecules in protein binding sites},
  author={Ross, Gregory A and Morris, Garrett M and Biggin, Philip C},
  journal={PloS one},
  volume={7},
  number={3},
  pages={e32036},
  year={2012},
  publisher={Public Library of Science San Francisco, USA}
}

@article{bib48,
  title={Watermap and molecular dynamic simulation-guided discovery of potential PAK1 inhibitors using repurposing approaches},
  author={Biswal, Jayashree and Jayaprakash, Prajisha and Rayala, Suresh Kumar and Venkatraman, Ganesh and Rangaswamy, Raghu and Jeyaraman, Jeyakanthan},
  journal={ACS omega},
  volume={6},
  number={41},
  pages={26829--26845},
  year={2021},
  publisher={ACS Publications}
}

@article{bib49,
  title={Calculating water thermodynamics in the binding site of proteins--applications of WaterMap to drug discovery},
  author={Cappel, Daniel and Sherman, Woody and Beuming, Thijs},
  journal={Current Topics in Medicinal Chemistry},
  volume={17},
  number={23},
  pages={2586--2598},
  year={2017},
  publisher={Bentham Science Publishers}
}

@article{bib50,
  title={Solvation structure and thermodynamic mapping (SSTMap): an open-source, flexible package for the analysis of water in molecular dynamics trajectories},
  author={Haider, Kamran and Cruz, Anthony and Ramsey, Steven and Gilson, Michael K and Kurtzman, Tom},
  journal={Journal of chemical theory and computation},
  volume={14},
  number={1},
  pages={418--425},
  year={2018},
  publisher={ACS Publications}
}

@article{bib51,
  title={Scoring functions for protein-ligand docking},
  author={Jain, Ajay N},
  journal={Current Protein and Peptide Science},
  volume={7},
  number={5},
  pages={407--420},
  year={2006},
  publisher={Bentham Science Publishers}
}

@inproceedings{bib52,
  title={Survey of the scoring functions for protein-ligand docking},
  author={Sapundzhi, Fatima and Prodanova, Krasimira and Lazarova, Meglena},
  booktitle={AIP Conference Proceedings},
  volume={2172},
  year={2019},
  pages={100008},
  organization={AIP Publishing}
}

@article{bib53,
  title={Flexibility of important HIV-1 targets and in silico design of anti-HIV drugs},
  author={Martis, Elvis AF and Joseph, Blessy and Gupta, Satya P and Coutinho, Evans C and Hdoufane, Ismail and Bjij, Imane and Cherqaoui, Driss},
  journal={Current Chemical Biology},
  volume={12},
  number={1},
  pages={23--39},
  year={2018},
  publisher={Bentham Science Publishers}
}

@article{bib54,
  title={Scope and limitation of ligand docking: methods, scoring functions and protein targets},
  author={David, L and Nielsen, P Aadal and Hedstrom, M and Norden, B},
  journal={Current Computer-Aided Drug Design},
  volume={1},
  number={3},
  pages={275--306},
  year={2005},
  publisher={Bentham Science Publishers PO Box 1673, 1200 BR Hilversum, The Netherlands}
}

@article{bib55,
  title={Limitations and lessons in the use of X-ray structural information in drug design},
  author={Davis, Andrew M and St-Gallay, Stephen A and Kleywegt, Gerard J},
  journal={Drug discovery today},
  volume={13},
  number={19-20},
  pages={831--841},
  year={2008},
  publisher={Elsevier}
}

@article{bib56,
  title={Outstanding challenges in protein--ligand docking and structure-based virtual screening},
  author={Waszkowycz, Bohdan and Clark, David E and Gancia, Emanuela},
  journal={Wiley Interdisciplinary Reviews: Computational Molecular Science},
  volume={1},
  number={2},
  pages={229--259},
  year={2011},
  publisher={Wiley Online Library}
}
@article{bib57,
  title={Why did Nature publish AlphaFold3 without its code?},
  author={ },
  journal={Nature},
  volume={629},
  pages={728},
  year={2024},
  publisher={Springer Nature}
}

@article{bib58,
  title={Reproducible research in computational chemistry of materials},
  author={Coudert, Fran{\c{c}}ois-Xavier},
  journal={Chemistry of Materials},
  volume={29},
  number={7},
  pages={2615--2617},
  year={2017},
  publisher={ACS Publications}
}

@article{bib59,
  title={Reliability and reproducibility in computational science: Implementing validation, verification and uncertainty quantification in silico},
  author={Coveney, Peter V and Groen, Derek and Hoekstra, Alfons G},
  journal={Philosophical Transactions of the Royal Society A},
  volume={379},
  number={2197},
  pages={20200409},
  year={2021},
  publisher={The Royal Society Publishing}
}

@article{bib60,
  title={The FAIR Guiding Principles for scientific data management and stewardship},
  author={Wilkinson, Mark D and Dumontier, Michel and Aalbersberg, IJsbrand Jan and Appleton, Gabrielle and Axton, Myles and Baak, Arie and Blomberg, Niklas and Boiten, Jan-Willem and da Silva Santos, Luiz Bonino and Bourne, Philip E and others},
  journal={Scientific data},
  volume={3},
  number={1},
  pages={1--9},
  year={2016},
  publisher={Nature Publishing Group}
}

@article{bib61,
  title={Decomposition of the free energy of a system in terms of specific interactions: implications for theoretical and experimental studies},
  author={Mark, Alan E and Van Gunsteren, Wilfred F},
  journal={Journal of molecular biology},
  volume={240},
  number={2},
  pages={167--176},
  year={1994},
  publisher={Elsevier}
}

@article{bib62,
  title={The meaning of component analysis: decomposition of the free energy in terms of specific interactions},
  author={Boresch, Stefan and Karplus, Martin},
  journal={Journal of molecular biology},
  volume={254},
  number={5},
  pages={801--807},
  year={1995},
  publisher={Elsevier}
}

@article{bib63,
  title={New substructure filters for removal of pan assay interference compounds (PAINS) from screening libraries and for their exclusion in bioassays},
  author={Baell, Jonathan B and Holloway, Georgina A},
  journal={Journal of medicinal chemistry},
  volume={53},
  number={7},
  pages={2719--2740},
  year={2010},
  publisher={ACS Publications}
}

@article{bib64,
  title={Seven Year Itch: Pan-Assay Interference Compounds (PAINS) in 2017{--}Utility and Limitations},
  author={Baell, Jonathan B and Nissink, J Willem M},
  journal={ACS chemical biology},
  volume={13},
  number={1},
  pages={36--44},
  year={2018},
  publisher={ACS Publications}
}

@article{bib65,
  title={Pymol: An open-source molecular graphics tool},
  author={DeLano, Warren L and others},
  journal={CCP4 Newsl. Protein Crystallogr},
  volume={40},
  number={1},
  pages={82--92},
  year={2002},
  publisher={Citeseer}
}

@article{bib66,
  title={UCSF Chimera—a visualization system for exploratory research and analysis},
  author={Pettersen, Eric F and Goddard, Thomas D and Huang, Conrad C and Couch, Gregory S and Greenblatt, Daniel M and Meng, Elaine C and Ferrin, Thomas E},
  journal={Journal of computational chemistry},
  volume={25},
  number={13},
  pages={1605--1612},
  year={2004},
  publisher={Wiley Online Library}
}

@article{bib67,
  title={NGL Viewer: a web application for molecular visualization},
  author={Rose, Alexander S and Hildebrand, Peter W},
  journal={Nucleic acids research},
  volume={43},
  number={W1},
  pages={W576--W579},
  year={2015},
  publisher={Oxford University Press}
}

@article{bib68,
  title={LigPlot+: multiple ligand--protein interaction diagrams for drug discovery},
  author={Laskowski, Roman A and Swindells, Mark B},
  journal={Journal of chemical information and modeling},
  volume={51},
  number={10},
  pages={2778–-2786},
  year={2011},
  publisher={ACS Publications}
}

@article{bib69,
  title={PoseView--molecular interaction patterns at a glance},
  author={Stierand, Katrin and Rarey, Matthias},
  journal={Journal of cheminformatics},
  volume={2},
  number={Suppl 1},
  pages={P50},
  year={2010},
  publisher={Springer}
}

@article{bib70,
  title={PLIP: fully automated protein--ligand interaction profiler},
  author={Salentin, Sebastian and Schreiber, Sven and Haupt, V Joachim and Adasme, Melissa F and Schroeder, Michael},
  journal={Nucleic acids research},
  volume={43},
  number={W1},
  pages={W443--W447},
  year={2015},
  publisher={Oxford University Press}
}

@article{bib71,
  title={CANDOCK: Chemical atomic network-based hierarchical flexible docking algorithm using generalized statistical potentials},
  author={Fine, Jonathan and Konc, Janez and Samudrala, Ram and Chopra, Gaurav},
  journal={Journal of chemical information and modeling},
  volume={60},
  number={3},
  pages={1509--1527},
  year={2020},
  publisher={ACS Publications}
}

@article{bib72,
  title={Pre-training on large-scale generated docking conformations with helixdock to unlock the potential of protein-ligand structure prediction models},
  author={Liu, Lihang and Zhang, Shanzhuo and He, Donglong and Ye, Xianbin and Zhou, Jingbo and Zhang, Xiaonan and Jiang, Yaoyao and Diao, Weiming and Yin, Hang and Chai, Hua and others},
  journal={arXiv preprint arXiv:2310.13913},
  year={2023}
}
@article{bib73,
  title={Drugclip: Contrasive protein-molecule representation learning for virtual screening},
  author={Gao, Bowen and Qiang, Bo and Tan, Haichuan and Jia, Yinjun and Ren, Minsi and Lu, Minsi and Liu, Jingjing and Ma, Wei-Ying and Lan, Yanyan},
  journal={Advances in Neural Information Processing Systems},
  volume={36},
  year={2024}
}

@article{bib74,
  title={Improving the generalizability of protein-ligand binding predictions with AI-Bind},
  author={Chatterjee, Ayan and Walters, Robin and Shafi, Zohair and Ahmed, Omair Shafi and Sebek, Michael and Gysi, Deisy and Yu, Rose and Eliassi-Rad, Tina and Barab{\'a}si, Albert-L{\'a}szl{\'o} and Menichetti, Giulia},
  journal={Nature communications},
  volume={14},
  number={1},
  pages={1989},
  year={2023},
  publisher={Nature Publishing Group UK London}
}

@article{bib75,
  title={A new paradigm for applying deep learning to protein--ligand interaction prediction},
  author={Wang, Zechen and Wang, Sheng and Li, Yangyang and Guo, Jingjing and Wei, Yanjie and Mu, Yuguang and Zheng, Liangzhen and Li, Weifeng},
  journal={Briefings in Bioinformatics},
  volume={25},
  number={3},
  pages={bbae145},
  year={2024},
  publisher={Oxford University Press}
}

@article{bib76,
	title = {{ZINC} 15 – {Ligand} {Discovery} for {Everyone}},
	volume = {55},
	issn = {1549-9596},
	url = {https://doi.org/10.1021/acs.jcim.5b00559},
	number = {11},
	journal = {Journal of Chemical Information and Modeling},
	author = {Sterling, Teague and Irwin, John J.},
	year = {2015},
	pages = {2324--2337},
}
